<?xml version="1.0" encoding="UTF-8"?><collection xmlns="http://www.loc.gov/MARC21/slim"><record><leader>00428nam--2200145-i-4500</leader><controlfield tag="001">000004203</controlfield><controlfield tag="002">20161230</controlfield><controlfield tag="005">20170210211642</controlfield><controlfield tag="008">060222s1000------------r-----000-0-eng-d</controlfield><datafield ind1=" " ind2=" " tag="100"><subfield code="a">Burks, A. W</subfield></datafield><datafield ind1=" " ind2=" " tag="245"><subfield code="a">Preliminary discussion of the logical design of an electronic computing instrument</subfield></datafield><datafield ind1=" " ind2=" " tag="260"><subfield code="a">Washington</subfield><subfield code="b">Department Of Commerce</subfield><subfield code="c">[1946]</subfield></datafield><datafield ind1=" " ind2=" " tag="300"><subfield code="a">53 p</subfield></datafield><datafield ind1=" " ind2=" " tag="700"><subfield code="a">Neumann, John Von</subfield></datafield><datafield ind1=" " ind2=" " tag="CAT"><subfield code="a">SYS</subfield><subfield code="c">20170210</subfield><subfield code="h">211642</subfield></datafield></record></collection>